@online{1404250,
    title = {Why in the proof of $A\cdot \adj(A)=\det(A)\cdot I_n$ entries not on the diagonal are zero?},
    author = {A.$\Gamma$.},
    url = {https://math.stackexchange.com/q/1404250},
	year = {2015}
}